@MISC{Bottom-UP,
  author = {WilliamFiset},
  title  = "{0/1 Knapsack problem | Dynamic Programming}",
  year   = 2017,
  note   = {Link: \url{https://www.youtube.com/watch?v=cJ21moQpofY}}
}

@MISC{Annealing,
  author = {Paulo Moura Oliveira},
  title  = "{Simulated Annealing (Em PortuguÃªs)}",
  year   = 2018,
  note   = {Link: \url{https://www.youtube.com/watch?v=w2rBcPo88XM}}
}

@MISC{Tabu,
  author = {Marcos Castro de Souza},
  title  = "{Problema da Mochila Inteira}",
  year   = 2013,
  note   = {Link: \url{https://github.com/marcoscastro/mochila_inteiro-busca_tabu}}
}

@MISC{annealing2,
  author = {Training within Industry (TWI)},
  title  = "{What is Annealing? A Complete Process Guide}",
  year   = 2024,
  note   = {Link: \url{https://www.twi-global.com/technical-knowledge/faqs/what-is-annealing}}
}

